{1:F01ICICINBBAXXX.SN..ISN..}{2:I940ICICINBBXCTSN}{3:{108:1196050027831}}{4:
:20:220120
:25:119605002783
:28C:020/1
:60F:C220120INR16719642,99
:61:2201200120C225000,00NCOL012000111566//11
NEFT-AXMB220207125469-GHF100
:86:RPC MUMBAI
NEFT-AXMB220207125469-GHF1002HL0004974-KUNAL RAVIGUPTA-91201000
AXMB220207125469/912010007512583/UTIB0000269//LOAN PART PAYMENT
/KUNAL RAVI GUPTA/TrS86394682//
:61:2201200120D16900000,00NMSC026071024472
026071024472/BWY/DIPESHNA
:86:MUMBAI - GODREJ IT PARK
INF/INFT/026071024472/Self-XXX007/GHFL IFT from 2
S92133418//
:61:2201200120C10000,00NCOL012000310243//11
NEFT-N020221800612306-GHF140
:86:RPC MUMBAI
NEFT-N020221800612306-GHF1401HL0000492-RYAN JEROME LOBO-0009113
N020221800612306/00091130016143/HDFC0000001//HOME LOAN/RYAN JER
OME LOBO/S95463320//
:61:2201200120C99999,00NCOL000308259742
000308259742/UBPS/518275401
:86:KAZHAKUTOM
BIL/ECOL/000308259742/GHF1101HL0002103/20jan22 POOJA SEHGAL
S96496462//
:62F:C220120INR154641,99
:64:C220120INR154641,99
-}