{1:F01ICICINBBAXXX.SN..ISN..}{2:I940ICICINBBXCTSN}{3:{108:1962050010391}}{4:
:20:220307
:25:196205001039
:28C:066/1
:60F:C220307INR0,00
:61:2203060307C100000,00NCOL206506375656/HDB
MMT/IMPS/206506375656/AUXF10
:86:MUMBAI-PHOENIX MARKET CITY
MMT/IMPS/206506375656/AUXF100319004432/RIFADH Z  /Part
206506375656/50100186305222//AUXF100319004432/Part repayment fo
r m/RIFADH Z/S74175642//
:61:2203060307C20232,00NCOL030600045281//19
NEFT-PYTM220654087937-PAYTM 
:86:RPC MUMBAI
NEFT-PYTM220654087937-PAYTM PAYMENTS SERVICES LIMITED-NA-710000
PYTM220654087937/710000006232/PYTM0123456//NA/PAYTM PAYMENTS SE
RVICES LIMITED/S74254734//
:61:2203060307C200000,00NCOL000343751236
000343751236/UBPS/567304741
:86:HYDERABAD - LANGER HOUSE
BIL/ECOL/000343751236/AUXF100119005685 PALEPU NAGENDRA
S77373806//
:61:2203060307C47924,00NCOL030600127472//19
NEFT-KKBKH22065967660-AUXF10
:86:RPC MUMBAI
NEFT-KKBKH22065967660-AUXF100219005327-CHETAN SHYAM JOSHI-06120
KKBKH22065967660/0612074512/KKBK0000958//PAYMENT/CHETAN SHYAM J
OSHI/S78762725//
:61:2203060307C125000,00NCOL030600140537//19
NEFT-N065221861394473-AUXF10
:86:RPC MUMBAI
NEFT-N065221861394473-AUXF100119000654-R VIJAYA DEVA RAYALU-012
N065221861394473/01261000037856/HDFC0000001//EDUCATION LOAN PAY
/R VIJAYA DEVA RAYALU/S80769497//
:61:2203060307C30000,00NCOL206513329636/HDB
MMT/IMPS/206513329636/AUXF10
:86:MUMBAI-PHOENIX MARKET CITY
MMT/IMPS/206513329636/AUXF100219004331/MAMTA PANK/Dhyey
206513329636/01181300000766//AUXF100219004331/Dhyeyloan/MAMTA P
ANKAJ MEHTA/S83616747//
:61:2203070307C5000,00NCOL000344437084
000344437084/UBPS/540337412
:86:UDUMALPET - 6215
BIL/ECOL/000344437084/AUXF100619018656/March2021 NAGANATHAN M
 S4036302//
:62M:C220307INR528156,00
-}${1:F01ICICINBBAXXX.SN..ISN..}{2:I940ICICINBBXCTSN}{3:{108:1962050010392}}{4:
:20:220307
:25:196205001039
:28C:066/2
:60M:C220307INR533156,00
:61:2203070307C5000,00NCOL206609357840/HDB
MMT/IMPS/206609357840/AUXF10
:86:MUMBAI-PHOENIX MARKET CITY
MMT/IMPS/206609357840/AUXF100119015026/D VAMSIDHA/DEEPI
206609357840/50100395565995//AUXF100119015026/DEEPIKA DHULIPALL
A/D VAMSIDHAR/ S7131531//
:61:2203070307C22000,00NCOL206609268684/BOB
MMT/IMPS/206609268684/AUXF10
:86:MUMBAI-PHOENIX MARKET CITY
MMT/IMPS/206609268684/AUXF100719021583/SHAHPREMAL/Loanp
206609268684/03270100016181//AUXF100719021583/Loanprocessingfee
s/SHAHPREMALCHANDRAVAD/ S7956662//
:61:2203070307C914,00NCOL206609377473/HDB
MMT/IMPS/206609377473/AUXF10
:86:MUMBAI-PHOENIX MARKET CITY
MMT/IMPS/206609377473/AUXF100119005020/PARISE PRI/March
206609377473/50200034150893//AUXF100119005020/Marchloan/PARISE 
PRINCY/ S8228075//
:61:2203070307C15130,00NCOL206610198639/HDB
MMT/IMPS/206610198639/AUXF10
:86:MUMBAI-PHOENIX MARKET CITY
MMT/IMPS/206610198639/AUXF100519019769/JASVINDER /EMI
206610198639/50100170790080//AUXF100519019769/EMI/JASVINDER/ S9
547228//
:61:2203070307C104114,00NCOL030700231628//19
NEFT-SBIN122066777530-AUXF10
:86:RPC MUMBAI
NEFT-SBIN122066777530-AUXF100519001817-MRS  INDRANI  BHATTACHAR
SBIN122066777530/00000030217800395/SBIN0006496//ATTNINB/MRS  IN
DRANI  BHATTACHARYA/ S9867380//
:61:2203070307C100000,00NCOL206610032661/IDF
MMT/IMPS/206610032661/AUXF40
:86:MUMBAI-PHOENIX MARKET CITY
MMT/IMPS/206610032661/AUXF400119006439/SURESH MEM
206610032661/10057529614//AUXF400119006439//SURESH MEMORIAL EDU
C/S10888322//
:62M:C220307INR775314,00
-}${1:F01ICICINBBAXXX.SN..ISN..}{2:I940ICICINBBXCTSN}{3:{108:1962050010393}}{4:
:20:220307
:25:196205001039
:28C:066/3
:60M:C220307INR2975314,00
:61:2203070307C2200000,00NCOL030700244662//19
RTGS-UTIBR52022030700351047-
:86:RPC-NASIK
RTGS-UTIBR52022030700351047-AUXF100319002544-SWAPAN KUMAR SEN-0
UTIBR52022030700351047/012010100050601/UTIB0000613///SWAPAN KUM
AR SEN/S11350555//
:61:2203070307C5000,00NCOL030700302859//19
NEFT-MAHBH22066352085-AUXF10
:86:RPC MUMBAI
NEFT-MAHBH22066352085-AUXF100119016415-MR  BHASKAR ANKAM-000000
MAHBH22066352085/00000020114809264/MAHB0000943//URGENT/MR. BHAS
KAR ANKAM/S12375380//
:61:2203070307C300000,00NCOL030700275910//19
RTGS-BARBR52022030700799557-
:86:RPC-NASIK
RTGS-BARBR52022030700799557-AUXF100219005218-KALPESH BHOGILAL P
BARBR52022030700799557/13780100002315/BARB0GHAEAS///KALPESH BHO
GILAL PATEL/S12445558//
:61:2203070307C28710,00NCOL206611938639/ICI
MMT/IMPS/206611938639/AUXF10
:86:MUMBAI-PHOENIX MARKET CITY
MMT/IMPS/206611938639/AUXF100119004607/CHALLA THR/EMI
206611938639/746101500170//AUXF100119004607/EMI/CHALLA THRINATH
/S13052449//
:61:2203070307C18235,00NCOL030700314580//19
NEFT-AXIR220667580763-AUXF10
:86:RPC MUMBAI
NEFT-AXIR220667580763-AUXF100219021849-AUXILO FINSERVE PRIVATE 
AXIR220667580763/917010032087471/UTIB0002511//PROCESSING FEE  R
EVA/AUXILO FINSERVE PRIVATE LTD/S13350769//
:61:2203070307C50000,00NCOL030700334217//19
NEFT-CIUBH22066008332-AUXF40
:86:RPC MUMBAI
NEFT-CIUBH22066008332-AUXF400319002506-VIJAYALAYAN  R-005001010
CIUBH22066008332/00500101011726385/CIUB0000476//ATTNAUXILO E/VI
JAYALAYAN  R/S13528727//
:62M:C220307INR3377259,00
-}${1:F01ICICINBBAXXX.SN..ISN..}{2:I940ICICINBBXCTSN}{3:{108:1962050010394}}{4:
:20:220307
:25:196205001039
:28C:066/4
:60M:C220307INR3387848,00
:61:2203070307C10589,00NCOL206612393813/HDB
MMT/IMPS/206612393813/AUXF10
:86:MUMBAI-PHOENIX MARKET CITY
MMT/IMPS/206612393813/AUXF100319021568/SURENDHAR /Auxil
206612393813/50100344936514//AUXF100319021568/Auxilo Processing
 Fe/SURENDHAR P/S13944624//
:61:2203070307C5000,00NCOL030700396185//19
NEFT-N066221862167672-AUXF10
:86:RPC MUMBAI
NEFT-N066221862167672-AUXF100519016340-ASHISH SINGH-50100299087
N066221862167672/50100299087779/HDFC0000001//EMI FOR MARCH 2022
/ASHISH SINGH/S15431758//
:61:2203070307C200000,00NCOL206613944606/SBI
MMT/IMPS/206613944606/AUXF10
:86:MUMBAI-PHOENIX MARKET CITY
MMT/IMPS/206613944606/AUXF100519001966/Ms  NEELAM/INETI
206613944606/00000020113455317//AUXF100519001966/INETIMPS001961
51523/Ms  NEELAM  SHARMA/S15484913//
:61:2203070307C11058,00NCOL206613916792/AXB
MMT/IMPS/206613916792/AUXF10
:86:MUMBAI-PHOENIX MARKET CITY
MMT/IMPS/206613916792/AUXF100519008492/GOVINDKUMA
206613916792/916010084089178//AUXF100519008492//GOVINDKUMAR/S16
053589//
:61:2203070307C30670,00NCOL030700464003//19
NEFT-SBIN222066004806-AUXF10
:86:RPC MUMBAI
NEFT-SBIN222066004806-AUXF100119020251-M PRABHAKAR-000000406226
SBIN222066004806/00000040622655613/SBIN0020184//ATTNOTHERS/M PR
ABHAKAR/S16716821//
:61:2203070307C15000,00NCOL030700472872//19
NEFT-IOBAN22066488209-AUXF10
:86:RPC MUMBAI
NEFT-IOBAN22066488209-AUXF100319021780-P RISHI-166201000019973-
IOBAN22066488209/166201000019973/IOBA0001662//REF/P RISHI/S1681
6830//
:62M:C220307INR3649576,00
-}${1:F01ICICINBBAXXX.SN..ISN..}{2:I940ICICINBBXCTSN}{3:{108:1962050010395}}{4:
:20:220307
:25:196205001039
:28C:066/5
:60M:C220307INR3829576,00
:61:2203070307C180000,00NCOL206613385401/HDB
MMT/IMPS/206613385401/AUXF10
:86:MUMBAI-PHOENIX MARKET CITY
MMT/IMPS/206613385401/AUXF100219019254/PRASHANT M/Advan
206613385401/50100103734510//AUXF100219019254/Advance interest 
aga/PRASHANT MANOJ KARIA/S17321715//
:61:2203070307C45953,00NCOL030700508901//19
NEFT-000121130082-AUXF100219
:86:RPC MUMBAI
NEFT-000121130082-AUXF100219004908-NEETA RAMESH GAVAS-371201503
000121130082/371201503265/ICIC0000057//URGENT/NEETA RAMESH GAVA
S/S17768956//
:61:2203070307C30401,00NCOL030700571421//19
NEFT-N066221862404838-AUXF10
:86:RPC MUMBAI
NEFT-N066221862404838-AUXF100319016973-NIKITA RAGHAVAN-08801460
N066221862404838/08801460001389/HDFC0000001//EMI PAYMENT/NIKITA
 RAGHAVAN/S18894638//
:61:2203070307C1682116,00NCOL030700642883//19
NEFT-SBIN222066197136-AUXF10
:86:RPC MUMBAI
NEFT-SBIN222066197136-AUXF100319003861-PRUDHVI LAKSHMI-00000038
SBIN222066197136/00000038221060933/SBIN0012687//ATTNLOAN/PRUDHV
I LAKSHMI/S20803073//
:61:2203070307C42750,00NCOL206615454140/KMB
MMT/IMPS/206615454140/AUXF10
:86:MUMBAI-PHOENIX MARKET CITY
MMT/IMPS/206615454140/AUXF100119021232/MR.KOSGIRO/Loan
206615454140/0814248063//AUXF100119021232/Loan Processing Fee/M
R.KOSGIROHITH/S20969009//
:61:2203070307C6883,00NCOL030700664903//19
NEFT-BKIDO22066379402-AUXF40
:86:RPC MUMBAI
NEFT-BKIDO22066379402-AUXF400319012492-JAYANTHI VIJAYANANTHAN-8
BKIDO22066379402/830110110003405/BKID0008301//JAYANTHI V/JAYANT
HI VIJAYANANTHAN/S21011030//
:62M:C220307INR5637679,00
-}${1:F01ICICINBBAXXX.SN..ISN..}{2:I940ICICINBBXCTSN}{3:{108:1962050010396}}{4:
:20:220307
:25:196205001039
:28C:066/6
:60M:C220307INR5652669,00
:61:2203070307C14990,00NCOL206615556002/SBI
MMT/IMPS/206615556002/AUXF10
:86:MUMBAI-PHOENIX MARKET CITY
MMT/IMPS/206615556002/AUXF100719022187/SHUBHAMBHA/MOBLT
206615556002/37777322567//AUXF100719022187/MOBLT0703155063107/S
HUBHAMBHAI ARVINDBH/S21420457//
:61:2203070307C25000,00NCOL206616306403/HDB
MMT/IMPS/206616306403/AUXF10
:86:MUMBAI-PHOENIX MARKET CITY
MMT/IMPS/206616306403/AUXF100119021624/JANJANAM S/jsain
206616306403/50100470583420//AUXF100119021624/jsainaveen educat
ion/JANJANAM SAI NAVEEN/S22117792//
:61:2203070307C53100,00NCOL030700731955//19
NEFT-N066221862292505-AUXF10
:86:RPC MUMBAI
NEFT-N066221862292505-AUXF100719021354-URVASHI S ASNANI-1288100
N066221862292505/12881000018497/HDFC0001288///URVASHI S ASNANI/
S22147921//
:61:2203070307C5000,00NCOL030700739689//19
NEFT-BKIDO22066427965-AUXF40
:86:RPC MUMBAI
NEFT-BKIDO22066427965-AUXF400319004376-JAYANTHI VIJAYANANTHAN-8
BKIDO22066427965/830110110003405/BKID0008301//JAYANTHI V/JAYANT
HI VIJAYANANTHAN/S22279727//
:61:2203070307C20000,00NCOL206616122525/HDB
MMT/IMPS/206616122525/AUXF10
:86:MUMBAI-PHOENIX MARKET CITY
MMT/IMPS/206616122525/AUXF100519001986/AKSHAY GOE/megha
206616122525/50100033861428//AUXF100519001986/megha goyal edu l
oan/AKSHAY GOEL/S22716809//
:61:2203070307C23982,00NCOL206616879365/BOB
MMT/IMPS/206616879365/AUXF10
:86:MUMBAI-PHOENIX MARKET CITY
MMT/IMPS/206616879365/AUXF100719021973/CHRISTIANP/Proce
206616879365/14970100029879//AUXF100719021973/Processingfeeforl
oan/CHRISTIANPRINCE/S22799725//
:62M:C220307INR5779751,00
-}${1:F01ICICINBBAXXX.SN..ISN..}{2:I940ICICINBBXCTSN}{3:{108:1962050010397}}{4:
:20:220307
:25:196205001039
:28C:066/7
:60M:C220307INR5800809,00
:61:2203070307C21058,00NCOL030700744528//19
NEFT-BKIDO22066429140-AUXF40
:86:RPC MUMBAI
NEFT-BKIDO22066429140-AUXF400319011363-JAYANTHI VIJAYANANTHAN-8
BKIDO22066429140/830110110003405/BKID0008301//JAYANTHI V/JAYANT
HI VIJAYANANTHAN/S22845660//
:61:2203070307C5000,00NCOL030700749025//19
NEFT-BKIDO22066431037-AUXF40
:86:RPC MUMBAI
NEFT-BKIDO22066431037-AUXF400319008263-JAYANTHI VIJAYANANTHAN-8
BKIDO22066431037/830110110003405/BKID0008301//JAYANTHI V/JAYANT
HI VIJAYANANTHAN/S22926182//
:61:2203070307C42258,00NCOL206617603763/SBI
MMT/IMPS/206617603763/AUXF10
:86:MUMBAI-PHOENIX MARKET CITY
MMT/IMPS/206617603763/AUXF100319021946/AUXILO FIN/MOBUA
206617603763/00000020170695724//AUXF100319021946/MOBUA045849920
9/AUXILO FINSERVE PRIV/S23895513//
:61:2203070307C41053,00NCOL030700816971//19
NEFT-INDBN07032371525-AUXF10
:86:RPC MUMBAI
NEFT-INDBN07032371525-AUXF100219022149-MARYLEE D SILVA-10000035
INDBN07032371525/100000351752/INDB0000006//PROCESSING FEES TO A
/MARYLEE DSILVA/S24038362//
:61:2203070307C20000,00NCOL206617651566/KMB
MMT/IMPS/206617651566/AUXF10
:86:MUMBAI-PHOENIX MARKET CITY
MMT/IMPS/206617651566/AUXF100219004094/CHANDRAKAN/MB SE
206617651566/9945070505//AUXF100219004094/MB SENT TO AUXF10021/
CHANDRAKANTA RAJEEV/S24223069//
:61:2203070307C3596,00NCOL030700853844//19
NEFT-P066220157115068-AUXF10
:86:RPC MUMBAI
NEFT-P066220157115068-AUXF100119003413-TULIP INTERNATIONAL-3030
P066220157115068/30301010000032/CNRB0013030///TULIP INTERNATION
AL/S24375522//
:62M:C220307INR5912716,00
-}${1:F01ICICINBBAXXX.SN..ISN..}{2:I940ICICINBBXCTSN}{3:{108:1962050010398}}{4:
:20:220307
:25:196205001039
:28C:066/8
:60M:C220307INR5925716,00
:61:2203070307C13000,00NCOL206617618331/SBI
MMT/IMPS/206617618331/AUXF10
:86:MUMBAI-PHOENIX MARKET CITY
MMT/IMPS/206617618331/AUXF100319021908/Mr  TAMILM/MOBUA
206617618331/00000036509469638//AUXF100319021908/MOBUA045850485
7/Mr  TAMILMUTHU  S/S24733140//
:61:2203070307C28696,00NCOL206617567847/PNB
MMT/IMPS/206617567847/AUXF10
:86:MUMBAI-PHOENIX MARKET CITY
MMT/IMPS/206617567847/AUXF100519002665/SANDEEP KA/Payme
206617567847/1755000100351097//AUXF100519002665/Payment towards
 loan/SANDEEP KAUR ARORA/S25930329//
:61:2203070307C590,00NCOL030700932184//19
NEFT-N066221863287147-AUXF10
:86:RPC MUMBAI
NEFT-N066221863287147-AUXF100519004797-NEHA BIALA-5010005456134
N066221863287147/50100054561341/HDFC0000001//SWAPPING CHARGES/N
EHA BIALA/S26256882//
:61:2203070307C12499,00NCOL030700930486//19
NEFT-IN4ON22030701YE7-AUXF10
:86:RPC MUMBAI
NEFT-IN4ON22030701YE7-AUXF100419004316-AKSHATA JAGDISH GAVALI-4
IN4ON22030701YE7/45611430518/SCBL0036001///AKSHATA JAGDISH GAVA
LI/S26258993//
:61:2203070307C1,00NCOL206618458840/AXB
MMT/IMPS/206618458840/AUXF10
:86:MUMBAI-PHOENIX MARKET CITY
MMT/IMPS/206618458840/AUXF100419021225/SOHELBARKA
206618458840/915010043296260//AUXF100419021225//SOHELBARKATALIR
AJPAR/S27128826//
:61:2203070307C17000,00NCOL206619878745/AXB
MMT/IMPS/206619878745/AUXF10
:86:MUMBAI-PHOENIX MARKET CITY
MMT/IMPS/206619878745/AUXF100419021225/SOHELBARKA
206619878745/915010043296260//AUXF100419021225//SOHELBARKATALIR
AJPAR/S29444817//
:62M:C220307INR5984502,00
-}${1:F01ICICINBBAXXX.SN..ISN..}{2:I940ICICINBBXCTSN}{3:{108:1962050010399}}{4:
:20:220307
:25:196205001039
:28C:066/9
:60M:C220307INR6084502,00
:61:2203070307C100000,00NCOL030701133627//19
NEFT-CIUBH22066068411-AUXF40
:86:RPC MUMBAI
NEFT-CIUBH22066068411-AUXF400319002506-VIJAYALAYAN  R-005001010
CIUBH22066068411/00500101011726385/CIUB0000476//ATTNAUXILO E/VI
JAYALAYAN  R/S29776055//
:61:2203070307C590,00NCOL030701170258//19
NEFT-SBIN222066977972-AUXF10
:86:RPC MUMBAI
NEFT-SBIN222066977972-AUXF100519001817-MRS  INDRANI  BHATTACHAR
SBIN222066977972/00000030217800395/SBIN0006496//ATTNINB/MRS  IN
DRANI  BHATTACHARYA/S30586581//
:61:2203070307C400000,00NCOL030700481114//19
RTGS-HDFCR52022030751961671-
:86:RPC-NASIK
RTGS-HDFCR52022030751961671-AUXF100519001638-MOHIT GADI-5010008
HDFCR52022030751961671/50100082386356  /HDFC0000240//ACC NO 100
519001638/MOHIT GADI/S33129824//
:61:2203070307C27629473,00NCOL220325640582//10
PFD/LCCBRN-07/03-AUXILO   AU
:86:CASH MANAGEMENT SERVICES
PFD/LCCBRN-07/03-AUXILO   AUXI5
S33776655//
:61:2203070307C20798,00NCOL030701223128//19
NEFT-345241969-AUXF100319011
:86:RPC MUMBAI
NEFT-345241969-AUXF100319011756-PRIYA P-233701502074-ICIC0SF000
345241969/233701502074/ICIC0SF0002//NEFTEMIAUXILO FINICI/PRIYA 
P/S34249442//
:61:2203070307C10000,00NCOL030701235107//19
NEFT-345279266-AUXF100119005
:86:RPC MUMBAI
NEFT-345279266-AUXF100119005632-SRI SAHITI VELAMURI JT1-0303015
345279266/030301524543/ICIC0SF0002//NO MESSAGE/SRI SAHITI VELAM
URI JT1/S36090036//
:61:2203070307C400000,00NCOL206622104768/AXB
MMT/IMPS/206622104768/AUXF10
:86:MUMBAI-PHOENIX MARKET CITY
MMT/IMPS/206622104768/AUXF100319004954/PNAGENDRA /LoanA
206622104768/068010100113113//AUXF100319004954/LoanAmount/PNAGE
NDRA/S36633998//
:62M:C220307INR34545363,00
-}${1:F01ICICINBBAXXX.SN..ISN..}{2:I940ICICINBBXCTSN}{3:{108:19620500103910}}{4:
:20:220307
:25:196205001039
:28C:066/10
:60M:C220307INR28551549,92
:61:2203070307D5993813,08NMSCOTHERS
Sweep Trf For POOL Regul
:86:MUMBAI-PHOENIX MARKET CITY
Sweep Trf For POOL Regul
S37759125//
:61:2203070307D28551549,92NSTOOTHERS
TRANSFER TO 196205001038
:86:CASH MANAGEMENT SERVICES
TRANSFER TO 196205001038
 M3337734848S38216908//
:62F:C220307INR0
:64:C220307INR0
-}