{1:F01ICICINBBAXXX.SN..ISN..}{2:I940ICICINBBXCTSN}{3:{108:6139050176461}}{4:
:20:220307
:25:613905017646
:28C:066/1
:60F:C220307INR7074115,20
:61:2203070307C290,00NMSCOTHERS
TPSL-07/03/2022-PG L515856-K
:86:RPC MUMBAI
TPSL-07/03/2022-PG L515856-KP
S10671556//
:61:2203070307D573,08NMSC000945512726//61
CMS/000945512726/CMS24359856
:86:TUTICORIN 6139
CMS/000945512726/CMS2435985665
S22552979//CMS2435985665/0019954722/CITI0000002//STERLITE INDUS
TRIES INDIA LIMITED/Bharti Airtel Ltd/1022784
:61:2203070307D125280,00NMSC000945512728//61
CMS/000945512728/CMS24359856
:86:TUTICORIN 6139
CMS/000945512728/CMS2435985678
S22553099//CMS2435985678/0520282009/CITI0000002//STERLITE INDUS
TRIES INDIA LIMITED/MITSUBISHI ELECTRIC INDIA PVT LTD/1022790
:61:2203070307D235700,00NTRF000945512727//61
RTGS/ICICR22022030700011194/
:86:TUTICORIN 6139
RTGS/ICICR22022030700011194/HDFC0000003/BHARTI AIRTEL LTD
S22553153//ICICR22022030700011194/00030310003791/HDFC0000003//S
TERLITE INDUSTRIES INDIA LIMITED/BHARTI AIRTEL LTD/1022783
:61:2203070307D585000,00NTRF000945512730//61
RTGS/ICICR22022030700011196/
:86:TUTICORIN 6139
RTGS/ICICR22022030700011196/IDIB000M008/DharmeshInteriors
S22553286//ICICR22022030700011196/6821379116/IDIB000M008//STERL
ITE INDUSTRIES INDIA LIMITED/Dharmesh Interiors/1022794
:61:2203070307D6593,00NMSC000945512734//61
CMS/000945512734/CMS24359857
:86:TUTICORIN 6139
CMS/000945512734/CMS2435985769
S22553358//CMS2435985769/ZEMTNL03HKPL1040/INDB0000332//STERLITE
 INDUSTRIES INDIA LIMITED/MAHANAGAR TELEPHONE NIGAM LIMITED,/10
22766
:61:2203070307D159526,36NMSC000945512731//61
CMS/000945512731/CMS24359857
:86:TUTICORIN 6139
CMS/000945512731/CMS2435985764
S22555021//CMS2435985764/72728011/BOFA0MM6205//STERLITE INDUSTR
IES INDIA LIMITED/JOHNSON CONTROLS INDIA PVT. LTD/1022765
:62M:C220307INR5961732,76
-}$
{1:F01ICICINBBAXXX.SN..ISN..}{2:I940ICICINBBXCTSN}{3:{108:6139050176462}}{4:
:20:220307
:25:613905017646
:28C:066/2
:60M:C220307INR5453501,76
:61:2203070307D508231,00NTRF000945512729//61
RTGS/ICICR22022030700011195/
:86:TUTICORIN 6139
RTGS/ICICR22022030700011195/HDFC0004989/ADANI ELECTRICITY MUMBA
S22553137//ICICR22022030700011195/EPAEML152214644/HDFC0004989//
STERLITE INDUSTRIES INDIA LIMITED/ADANI ELECTRICITY MUMBAI LTD/
1022789
:61:2203070307D5292000,00NTRF000945512733//61
RTGS/ICICR22022030700011198/
:86:TUTICORIN 6139
RTGS/ICICR22022030700011198/SBIN0012521/Hosmac India Private Li
S22553626//ICICR22022030700011198/30109055068/SBIN0012521//STER
LITE INDUSTRIES INDIA LIMITED/Hosmac India Private Limited/1022
772
:61:2203070307D2625500,00NTRF000945512735//61
RTGS/ICICR22022030700011199/
:86:TUTICORIN 6139
RTGS/ICICR22022030700011199/UTIB0000028/DOORS   DOORS SYSTEM  I
S22553693//ICICR22022030700011199/918020082204730/UTIB0000028//
STERLITE INDUSTRIES INDIA LIMITED/DOORS & DOORS SYSTEM (I) PVT.
LTD./1022773
:61:2203070307D696000,00NTRF000945512732//61
RTGS/ICICR22022030700011197/
:86:TUTICORIN 6139
RTGS/ICICR22022030700011197/UTIB0001262/BUSINESSOCTANE SOLUTION
S22555300//ICICR22022030700011197/917030061454479/UTIB0001262//
STERLITE INDUSTRIES INDIA LIMITED/BUSINESS OCTANE SOLUTIONS PVT
 LTD/1022769
:61:2203070307D2053,00NMSC000945512738//61
CMS/000945512738/CMS24359857
:86:TUTICORIN 6139
CMS/000945512738/CMS2435985781
S22554072//CMS2435985781/01142320003551/HDFC0000114//STERLITE I
NDUSTRIES INDIA LIMITED/PAIS AUTO PVT. LTD./1022768
:61:2203070307D29294,00NMSC000945512736//61
CMS/000945512736/CMS24359857
:86:TUTICORIN 6139
CMS/000945512736/CMS2435985776
S22555241//CMS2435985776/3121874823/CBIN0280607//STERLITE INDUS
TRIES INDIA LIMITED/KAMLA GARDEN/1022767
:62M:D220307INR3191345,24
-}$
{1:F01ICICINBBAXXX.SN..ISN..}{2:I940ICICINBBXCTSN}{3:{108:6139050176463}}{4:
:20:220307
:25:613905017646
:28C:066/3
:60M:D220307INR3192726,24
:61:2203070307D1381,00NMSC000945512739//61
CMS/000945512739/CMS24359857
:86:TUTICORIN 6139
CMS/000945512739/CMS2435985792
S22554180//CMS2435985792/0601102000011954/IBKL0000601//STERLITE
 INDUSTRIES INDIA LIMITED/CTL INFOTECH PRIVATE LIMITED/1022770
:61:2203070307D879715,00NTRF000945512737//61
RTGS/ICICR22022030700011200/
:86:TUTICORIN 6139
RTGS/ICICR22022030700011200/KKBK0000216/Flive Consulting Pvt Lt
S22555548//ICICR22022030700011200/5013163780/KKBK0000216//STERL
ITE INDUSTRIES INDIA LIMITED/Flive Consulting Pvt Ltd/1022775
:61:2203070307D45173,00NMSC000945512741//61
CMS/000945512741/CMS24359858
:86:TUTICORIN 6139
CMS/000945512741/CMS2435985812
S22554641//CMS2435985812/018963400001117/YESB0000189//STERLITE 
INDUSTRIES INDIA LIMITED/M2O MADE 2 ORDER/1022774
:61:2203070307D16970,76NMSC000945512740//61
CMS/000945512740/CMS24359857
:86:TUTICORIN 6139
CMS/000945512740/CMS2435985797
S22556086//CMS2435985797/00901050042253/HDFC0000090//STERLITE I
NDUSTRIES INDIA LIMITED/Madhu Srivastava/1022771
:61:2203070307D864000,00NMSC000945512995//61
CMS/000945512995/CMS24359856
:86:TUTICORIN 6139
CMS/000945512995/CMS2435985674
S22585980//CMS2435985674/004501012907///STERLITE INDUSTRIES IND
IA LIMITED/Kuldip Kumar Kaura/1022787
:61:2203070307D112021,08NMSC000945513002//61
CMS/000945513002/CMS24359858
:86:TUTICORIN 6139
CMS/000945513002/CMS2435985816
S22585988//CMS2435985816/125301500503///STERLITE INDUSTRIES IND
IA LIMITED/Dhiraj Nayyar/1022776
:61:2203070307D8000,00NMSC000945513003//61
CMS/000945513003/CMS24359858
:86:TUTICORIN 6139
CMS/000945513003/CMS2435985819
S22585994//CMS2435985819/000401646852///STERLITE INDUSTRIES IND
IA LIMITED/Anand Banka/1022777
:62M:D220307INR5118606,08
-}$
{1:F01ICICINBBAXXX.SN..ISN..}{2:I940ICICINBBXCTSN}{3:{108:6139050176464}}{4:
:20:220307
:25:613905017646
:28C:066/4
:60M:D220307INR5144658,00
:61:2203070307D26051,92NMSC000945513000//61
CMS/000945513000/CMS24359857
:86:TUTICORIN 6139
CMS/000945513000/CMS2435985757
S22586000//CMS2435985757/020901515536///STERLITE INDUSTRIES IND
IA LIMITED/POOJA SOMANI/1022763
:61:2203070307D598851,00NMSC000945512998//61
CMS/000945512998/CMS24359856
:86:TUTICORIN 6139
CMS/000945512998/CMS2435985681
S22586006//CMS2435985681/007105006854///STERLITE INDUSTRIES IND
IA LIMITED/JETSETGO AVIATION SERVICES PRIVATE/1022793
:61:2203070307D12001,00NMSC000945513004//61
CMS/000945513004/CMS24359858
:86:TUTICORIN 6139
CMS/000945513004/CMS2435985821
S22587778//CMS2435985821/039901582035///STERLITE INDUSTRIES IND
IA LIMITED/Jimit S Patel/1022778
:61:2203070307C18000000,00NCOL026627250551
026627250551/BWY/SWAYAMPR
:86:MUMBAI - MIDC ANDHERI
INF/INFT/026627250551/VEDANTA LIMITED
S24710638//
:61:2203070307D79032,00NTRF026627302411
026627302411//SHIVRATA
:86:TUTICORIN 6139
INF/NEFT/026627302411/UTIB0004106/Pay agst Boardi/MhaskeHotels
S24782592//
:61:2203070307D736531,00NMSC000076247738/GIB
GIB/000076247738/DTAX      /
:86:TUTICORIN 6139
GIB/000076247738/DTAX      /639171807032247304
S26207747//
:61:2203070307D22305,00NMSC000076247742/GIB
GIB/000076247742/DTAX      /
:86:TUTICORIN 6139
GIB/000076247742/DTAX      /639171807032247311
S26208090//
:61:2203070307D2400,00NMSC000076247746/GIB
GIB/000076247746/DTAX      /
:86:TUTICORIN 6139
GIB/000076247746/DTAX      /639171807032247315
S26208366//
:61:2203070307D4182077,00NMSC000076247753/GIB
GIB/000076247753/DTAX      /
:86:TUTICORIN 6139
GIB/000076247753/DTAX      /639171807032247321
S26208661//
:62M:C220307INR7222145,00
-}$
{1:F01ICICINBBAXXX.SN..ISN..}{2:I940ICICINBBXCTSN}{3:{108:6139050176465}}{4:
:20:220307
:25:613905017646
:28C:066/5
:60M:C220307INR4502297,00
:61:2203070307D2719848,00NMSC000076247764/GIB
GIB/000076247764/DTAX      /
:86:TUTICORIN 6139
GIB/000076247764/DTAX      /639171807032247326
S26212852//
:61:2203070307D20000,00NMSC000076247770/GIB
GIB/000076247770/DTAX      /
:86:TUTICORIN 6139
GIB/000076247770/DTAX      /639171807032247329
S26213111//
:61:2203070307D165360,00NMSC000076247775/GIB
GIB/000076247775/DTAX      /
:86:TUTICORIN 6139
GIB/000076247775/DTAX      /639171807032247332
S26213350//
:61:2203070307D4644,00NMSC000076247780/GIB
GIB/000076247780/DTAX      /
:86:TUTICORIN 6139
GIB/000076247780/DTAX      /639171807032247334
S26213603//
:61:2203070307D142250,00NMSC000076247784/GIB
GIB/000076247784/DTAX      /
:86:TUTICORIN 6139
GIB/000076247784/DTAX      /639171807032247335
S26213869//
:61:2203070307D1768,82NMSC000945685909//61
CMS/000945685909/CMS24359856
:86:TUTICORIN 6139
CMS/000945685909/CMS2435985650
S27079948//CMS2435985650/186010200001588/UTIB0000186//STERLITE 
INDUSTRIES INDIA LIMITED/HATHWAY CABLE & DATACOM PVT LTD/102278
1
:61:2203070307D69998,00NMSC000945685911//61
CMS/000945685911/CMS24359856
:86:TUTICORIN 6139
CMS/000945685911/CMS2435985661
S27077394//CMS2435985661/560101000034474/UBIN0901741//STERLITE 
INDUSTRIES INDIA LIMITED/WORLIWAY SERVICE STATION/1022782
:61:2203070307D31893,00NMSC000945685913//61
CMS/000945685913/CMS24359856
:86:TUTICORIN 6139
CMS/000945685913/CMS2435985668
S27077499//CMS2435985668/3121874823/CBIN0280607//STERLITE INDUS
TRIES INDIA LIMITED/KAMLA GARDEN/1022785
:62M:C220307INR4066383,18
-}$
{1:F01ICICINBBAXXX.SN..ISN..}{2:I940ICICINBBXCTSN}{3:{108:6139050176466}}{4:
:20:220307
:25:613905017646
:28C:066/6
:60M:C220307INR4051588,18
:61:2203070307D14795,00NMSC000945685914//61
CMS/000945685914/CMS24359856
:86:TUTICORIN 6139
CMS/000945685914/CMS2435985672
S27077916//CMS2435985672/01142320003551/HDFC0000114//STERLITE I
NDUSTRIES INDIA LIMITED/PAIS AUTO PVT. LTD./1022786
:61:2203070307D1280,00NMSC000945685916//61
CMS/000945685916/CMS24359856
:86:TUTICORIN 6139
CMS/000945685916/CMS2435985679
S27078153//CMS2435985679/1122816820/CBIN0281067//STERLITE INDUS
TRIES INDIA LIMITED/PHOOLCHANDRA BHULANRAM YADAV/1022791
:61:2203070307D4320,00NMSC000945685915//61
CMS/000945685915/CMS24359856
:86:TUTICORIN 6139
CMS/000945685915/CMS2435985676
S27080979//CMS2435985676/708308375/IDIB000P156//STERLITE INDUST
RIES INDIA LIMITED/Naresh K Gupta & Co./1022788
:61:2203070307D767,00NMSC000945685917//61
CMS/000945685917/CMS24359856
:86:TUTICORIN 6139
CMS/000945685917/CMS2435985680
S27078301//CMS2435985680/0601102000011954/IBKL0000601//STERLITE
 INDUSTRIES INDIA LIMITED/CTL INFOTECH PRIVATE LIMITED/1022792
:61:2203070307D20000,00NMSC000945685919//61
CMS/000945685919/CMS24359856
:86:TUTICORIN 6139
CMS/000945685919/CMS2435985683
S27081530//CMS2435985683/12071930002747/HDFC0001207//STERLITE I
NDUSTRIES INDIA LIMITED/Niraj Vimalchand Punmiya/1022795
:61:2203070307D55500,00NMSC000945685921//61
CMS/000945685921/CMS24359856
:86:TUTICORIN 6139
CMS/000945685921/CMS2435985684
S27081684//CMS2435985684/MCGMWCDXE5810004/SBIN0000300//STERLITE
 INDUSTRIES INDIA LIMITED/BRIHANMUMBAI SB Water/1022796
:61:2203070307D30000,00NMSC000945686186//61
CMS/000945686186/CMS24359856
:86:TUTICORIN 6139
CMS/000945686186/CMS2435985685
S27117970//CMS2435985685/029401503844///STERLITE INDUSTRIES IND
IA LIMITED/Nimesh Shukla/1022797
:62M:C220307INR3939721,18
-}$
{1:F01ICICINBBAXXX.SN..ISN..}{2:I940ICICINBBXCTSN}{3:{108:6139050176467}}{4:
:20:220307
:25:613905017646
:28C:066/7
:60M:C220307INR21939721,18
:61:2203070307C18000000,00NCOL000945705230//61
CMS/ GL TO GL/VEDANTA LIMITE
:86:TUTICORIN 6139
CMS/ GL TO GL/VEDANTA LIMITED SESA IRON ORE
C27963745//
:62F:C220307INR21939721,18
:64:C220307INR21939721,18
-}