{1:F01ICICINBBAXXX.SN..ISN..}{2:I940ICICINBBXCTSN}{3:{108:1196050027831}}{4:
:20:220307
:25:119605002783
:28C:066/1
:60F:C220307INR783580,00
:61:2203070307C27822751,00NMSCOTHERS
TPSL-06/03/2022-NACH-Godrej Ho
:86:RPC MUMBAI
TPSL-06/03/2022-NACH-Godrej HoOTHERS
S95321514//
:61:2203070307C68398176,00NMSCOTHERS
TPSL-06/03/2022-NACH-Godrej Ho
:86:RPC MUMBAI
TPSL-06/03/2022-NACH-Godrej HoOTHERS
S95321514//
:61:2203070307D15500000,00NMSC026618718781
026618718781/BWY/DIPESHNA
:86:MUMBAI - GODREJ IT PARK
INF/INFT/026618718781/Self-XXX781/GHFL IFT FROM 2026618718781/B
S10904906//
:61:2203070307D81500000,00NMSC026618718782
026618718782/BWY/DIPESHNA
:86:MUMBAI - GODREJ IT PARK
INF/INFT/026618718782/Self-XXX007/GHFL IFT FROM 2026618718782/B
S10905013//
:61:2203070307C400000,00NCOL206612055373/IDF
MMT/IMPS/206612055373/GHF1002HL00
:86:MUMBAI - GODREJ IT PARK
MMT/IMPS/206612055373/GHF1002HL0006649/Mr. RAUNAK/FEB M20661205
S13853370//
:61:2203070307C1,00NCOL030700528585//11
NEFT-HSBCN22066163191-GHF1101HL00
:86:RPC MUMBAI
NEFT-HSBCN22066163191-GHF1101HL0003568-MR SANJEEVVATSYAYAN-499-
S18031834//
:61:2203070307C100000,00NCOL206615007903/CTB
MMT/IMPS/206615007903/GHF1401HL00
:86:MUMBAI - GODREJ IT PARK
MMT/IMPS/206615007903/GHF1401HL0002316/DHANANJAY /Towar20661500
S19868486//
:61:2203070307C162000,00NCOL206616554443/SCB
MMT/IMPS/206616554443/GHF1001HL00
:86:MUMBAI - GODREJ IT PARK
MMT/IMPS/206616554443/GHF1001HL0004982/SIDDESH GA/Home206616554
S22546360//
:61:2203070307C159456,00NMSCOTHERS
TPSL-07/03/2022-PG L586688-Go
:86:RPC MUMBAI
TPSL-07/03/2022-PG L586688-GoOTHERS
S25883669//
:61:2203070307C724699,00NCOL220325644004//10
PFD/LCCBRN-07/03-RET04750
:86:CASH MANAGEMENT SERVICES
PFD/LCCBRN-07/03-RET04750220325644004//104SLCMSLCC
S34112699//
:62M:C220307INR1550663,00
-}$
{1:F01ICICINBBAXXX.SN..ISN..}{2:I940ICICINBBXCTSN}{3:{108:1196050027832}}{4:
:20:220307
:25:119605002783
:28C:066/2
:60M:C220307INR1550663
:61:2203070307C52343,00NCOL030701225730//11
NEFT-345244918-GHF1101HL0000519-D
:86:RPC MUMBAI
NEFT-345244918-GHF1101HL0000519-DHARMVIR  SINGH-017101021282-IC
S35182487//
:62F:C220307INR1603006
:64:C220307INR1603006
-}