{1:F01ICICINBBAXXX.SN..ISN..}{2:I940ICICINBBXCTSN}{3:{108:0009050284731}}{4:
:20:220402
:25:000905028473
:28C:092/1
:60F:D220402INR12641379,77
:61:2204020402C2500000,00NCOL040200062154//90
RTGS-HDFCR52022040258592161-CARAT
:86:RPC-NASIK
RTGS-HDFCR52022040258592161-CARATLANETRADINGPRIVATELIMITED-0082
S81121799//
:61:2204020402C7500000,00NCOL040200060647//90
RTGS-HDFCR52022040258588961-CARAT
:86:RPC-NASIK
RTGS-HDFCR52022040258588961-CARATLANETRADINGPRIVATELIMITED-0082
S81124419//
:62F:D220402INR2641379,77
:64:D220402INR2641379,77
-}