{1:F01ICICINBBAXXX.SN..ISN..}{2:I940CRESCHZFXARSN}{3:{108:0002050231911}}{4:
:20:220120
:25:000205023191
:28C:020/1
:60F:C220120INR71202485,20
:61:2201200120C57168,60NCOL202014648088/YBL
 MMT/IMPS/202014648088/F09 Re
:86:M.G. ROAD, BANGALORE
MMT/IMPS/202014648088/F09 Redrailsonl/PHONEPE PR/Y202014648088/
 YBL99999/92290010202014648088/YBL99999/92290010
S97309334//
:61:2201200120C15553386,96NCOL012000424622//20
 NEFT-N020220971422415-PHONEP
:86:M.G. ROAD, BANGALORE
NEFT-N020220971422415-PHONEPE PRIVATE LIMITED-YESB012000424622/
 /205023191012000424622//205023191
S98356502//
:61:2201200120C559433,22NCOL012000423568//20
 NEFT-N020220971421772-PHONEP
:86:M.G. ROAD, BANGALORE
NEFT-N020220971421772-PHONEPE PRIVATE LIMITED-YESB012000423568/
 /205023191012000423568//205023191
S98363109//
:61:2201200120C2983724,65NCOL012000494375//20
 NEFT-N020220971495253-PHONEP
:86:M.G. ROAD, BANGALORE
NEFT-N020220971495253-PHONEPE PRIVATE LIMITED-YESB012000494375/
 /205023191012000494375//205023191
S28041//
:61:2201200120C11626,00NCOL202018379684//92
 UPI/202018379684/Dharwad off
:86:M.G. ROAD, BANGALORE
UPI/202018379684/Dharwad office/9380830198@ybl/Kar202018379684/
 /9229001000205023202018379684//9229001000205023
S9626128//
:61:2201200120C3000,00NCOL202025520936//92
 UPI/202025520936/Payment fro
:86:M.G. ROAD, BANGALORE
UPI/202025520936/Payment from Ph/9483050944@ybl/St202025520936/
 /9229001000205023202025520936//9229001000205023
S12896944//
:62M:C220120INR90370824,63
-}$
{1:F01ICICINBBAXXX.SN..ISN..}{2:I940CRESCHZFXARSN}{3:{108:0002050231912}}{4:
:20:220120
:25:000205023191
:28C:020/2
:60M:C220120INR90370824,63
:61:2201200120D18987481,38NMSCOTHERS
 Sweep Trf For POOL Regul
:86:M.G. ROAD, BANGALORE
Sweep Trf For POOL RegulOTHERS
S12914516//
:62F:C220120INR71383343,25
:64:C220120INR71383343,25
-}
