{1:F01ICICINBBAXXX.SN..ISN..}{2:I940ICICINBBXCTSN}{3:{108:0004050211181}}{4:
:20:220120
:25:000405021118
:28C:020/1
:60F:C220120INR2928357,52
:61:2201200120D99184,00NMSC000918206671//40
 CMS/000918206671/ANA_RJ_ELEC
:86:NARIMAN POINT
CMS/000918206671/ANA_RJ_ELECTRICALS_P000918206671//405021118
S91304383//
:61:2201200120C4140769,00NCOL012000044719//40
 RTGS-HDFCR52022012091455064-
:86:NARIMAN POINT
RTGS-HDFCR52022012091455064-ADITYABIRLAMGMTCORPPVT012000044719/
 /405021118012000044719//405021118
S96767866//
:61:2201200120D40474,00NMSC000918356087//40
 CMS/000918356087/ANA_BALAJI_
:86:NARIMAN POINT
CMS/000918356087/ANA_BALAJI_CLEANING_000918356087//405021118
S98437760//
:62F:C220120INR6929468,52
:64:C220120INR6929468,52
-}
