{1:F01ICICINBBAXXX.SN..ISN..}{2:I940ICICINBBXCTSN}{3:{108:1196050027831}}{4:
:20:220304
:25:119605002783
:28C:063/1
:60F:C220304INR519515,00
:61:2203040304C87,00NCOL220325614648//10
 PFD/LCCBRN-04/03-RET04750
:86:CASH MANAGEMENT SERVICES
PFD/LCCBRN-04/03-RET04750220325614648//104SLCMSLCC
S36948936//
:61:2203040304C200000,00NCOL206323120113/HDB
 MMT/IMPS/206323120113/GHF100
:86:MUMBAI - GODREJ IT PARK
MMT/IMPS/206323120113/GHF1001HL0006860/R RAJESHWA/part206323120
 113/HDB85060/92290010
S38553369//
:62F:C220304INR719602,00
:64:C220304INR719602,00
-}