{1:F01ICICINBBAXXX.SN..ISN..}{2:I940ICICINBBXCTSN}{3:{108:1962050010391}}{4:
:20:220304
:25:196205001039
:28C:063/1
:60F:C220304INR0,00
:61:2203040304C16434,00NCOL206306918314/SBI
 MMT/IMPS/206306918314/AUXF10
:86:MUMBAI-PHOENIX MARKET CITY
MMT/IMPS/206306918314/AUXF100119021708/SUNDARAPAL/MOBLT20630691
 8314/SBI62000/80120010
S5052939//
:61:2203040304C10000,00NCOL206306240261/DCB
 MMT/IMPS/206306240261/AUXF10
:86:MUMBAI-PHOENIX MARKET CITY
MMT/IMPS/206306240261/AUXF100219006579/DIDARALI K/month20630624
 0261/DCB47224/92290010
S5385403//
:61:2203040304C400000,00NCOL030400098234//19
 NEFT-000007377679-AUXF100219
:86:RPC MUMBAI
NEFT-000007377679-AUXF100219006579-DIDARALI KARMALI KOTADIA-039
 10100002064-DCBL0000170030400098234//196205001039
S5817590//
:61:2203040304C15000,00NCOL030400156267//19
 NEFT-N063220132121656-AUXF10
:86:RPC MUMBAI
NEFT-N063220132121656-AUXF100319021399-SUNDARR-1258155000107004
 -KVBL0002101030400156267//196205001039
S7298780//
:61:2203040304C13884573,00NCLRAUXILO FINSERVE 
 CLG/DD/124004/AXI/02.03.2022
:86:HYDERABAD RPC
CLG/DD/124004/AXI/02.03.2022AUXILO FINSERVE PVT LTD
S9770421//
:61:2203040304C1,00NCOL206310549662/SBI
 MMT/IMPS/206310549662/AUXF10
:86:MUMBAI-PHOENIX MARKET CITY
MMT/IMPS/206310549662/AUXF100219018562/DEVYANI MO/MOBLT20631054
 9662/SBI87178/80120010
S11112086//
:62M:C220304INR14326008,00
-}$
{1:F01ICICINBBAXXX.SN..ISN..}{2:I940ICICINBBXCTSN}{3:{108:1962050010392}}{4:
:20:220304
:25:196205001039
:28C:063/2
:60M:C220304INR14326008,00
:61:2203040304C60629,00NCOL030400243141//19
 NEFT-BARBX22063597764-AUXF10
:86:RPC MUMBAI
NEFT-BARBX22063597764-AUXF100219021511-RITESH CHINUBHAI SHAH  C
 HINUBHAI M-99420100005710-BARB0DBGHT030400243141//196205001039
S11377090//
:61:2203040304C245716,00NCOL030400258845//19
 NEFT-N063221858155942-AUXF10
:86:RPC MUMBAI
NEFT-N063221858155942-AUXF100519014362-HARJEET SINGH-0485105000
 2289-HDFC0000001030400258845//196205001039
S12653944//
:61:2203040304C19500,00NCOL206311719786/ICI
 MMT/IMPS/206311719786/AUXF10
:86:MUMBAI-PHOENIX MARKET CITY
MMT/IMPS/206311719786/AUXF100419001169/SHREYA SIN/NA20631171978
 6/ICI78031/80120010
S13324079//
:61:2203040304C300000,00NCOL030400020420//19
 RTGS-SBINR52022030470314669-
:86:RPC-NASIK
RTGS-SBINR52022030470314669-AUXF100619006832-BANDAKKA  KALE-640
 53702773-SBIN0040702030400020420//196205001039
S13929552//
:61:2203040304C24673,00NCOL206312154136/HDB
 MMT/IMPS/206312154136/AUXF10
:86:MUMBAI-PHOENIX MARKET CITY
MMT/IMPS/206312154136/AUXF100719021834/PATEL     /pf20631215413
 6/HDB84461/80120010
S15247486//
:61:2203040304C130000,00NCOL206312460294/IDF
 MMT/IMPS/206312460294/AUXF10
:86:MUMBAI-PHOENIX MARKET CITY
MMT/IMPS/206312460294/AUXF100419009707/Mr. Sumeet206312460294/I
 DF22550/80120010
S16071723//
:61:2203040304C54636,00NCOL030400348682//19
 NEFT-000497652165-AUXF100119
:86:RPC MUMBAI
NEFT-000497652165-AUXF100119021447-PUVVEDA JALA LAKSHMI-7402020
 10002438-UBIN0574023030400348682//196205001039
S16575016//
:62M:C220304INR15161162,00
-}$
{1:F01ICICINBBAXXX.SN..ISN..}{2:I940ICICINBBXCTSN}{3:{108:1962050010393}}{4:
:20:220304
:25:196205001039
:28C:063/3
:60M:C220304INR15161162,00
:61:2203040304C50000,00NCOL206312321939/AXB
 MMT/IMPS/206312321939/SHILPI
:86:MUMBAI-PHOENIX MARKET CITY
MMT/IMPS/206312321939/SHILPIAMIT/Axis Bank206312321939/AXB68372
 /92290010
S16749573//
:61:2203040304C28500,00NCOL206312328854/AXB
 MMT/IMPS/206312328854/SHILPI
:86:MUMBAI-PHOENIX MARKET CITY
MMT/IMPS/206312328854/SHILPIAMIT/Axis Bank206312328854/AXB68372
 /92290010
S16796837//
:61:2203040304C10000,00NCOL1082/391SRY/2345
 CAM/00391SRY/CASH DEP/04-03-
:86:MUMBAI-PHOENIX MARKET CITY
CAM/00391SRY/CASH DEP/04-03-22/10821082/391SRY/2345235451451553
S16912442//
:61:2203040304C400000,00NCOL030400032947//19
 RTGS-SBINR52022030470341254-
:86:RPC-NASIK
RTGS-SBINR52022030470341254-AUXF100119005920-U SATHYANARAYANA-3
 4168545180-SBIN0004715030400032947//196205001039
S16976129//
:61:2203040304C200000,00NCOL030400033514//19
 RTGS-SBINR52022030470349539-
:86:RPC-NASIK
RTGS-SBINR52022030470349539-AUXF100119007512-KOLLURU SHIVA KUMA
 R-62263466731-SBIN0020081030400033514//196205001039
S17364773//
:61:2203040304C30000,00NCOL206313830632/KMB
 MMT/IMPS/206313830632/AUXF10
:86:MUMBAI-PHOENIX MARKET CITY
MMT/IMPS/206313830632/AUXF100219018562/DEVYANI MO/MB* D20631383
 0632/KMB87178/80120010
S17779172//
:61:2203040304C40239,00NCOL030400498168//19
 NEFT-SBIN422063472982-AUXF10
:86:RPC MUMBAI
NEFT-SBIN422063472982-AUXF100319008293-HEMALATHA R-000000100634
 99002-SBIN0005380030400498168//196205001039
S21257924//
:62M:C220304INR15919901,00
-}$
{1:F01ICICINBBAXXX.SN..ISN..}{2:I940ICICINBBXCTSN}{3:{108:1962050010394}}{4:
:20:220304
:25:196205001039
:28C:063/4
:60M:C220304INR15919901,00
:61:2203040304C35000,00NCOL030400543108//19
 NEFT-342230673-AUXF100119018
:86:RPC MUMBAI
NEFT-342230673-AUXF100119018791-VUTUKURU SAI SRI LAKSHMI-068501
 508052-ICIC0SF0002030400543108//196205001039
S22416343//
:61:2203040304C2209122,00NCOL030400061483//19
 RTGS-KVBLR52022030464333097-
:86:RPC-NASIK
RTGS-KVBLR52022030464333097-AUXF100319005416-SRI SVS TRADERS-12
 84135000001093-KVBL0001284030400061483//196205001039
S22857943//
:61:2203040304C42000,00NCOL030400587678//19
 NEFT-000497896801-AUXF100119
:86:RPC MUMBAI
NEFT-000497896801-AUXF100119020864-P LAXMI DEVI-171410100007198
 -UBIN0817147030400587678//196205001039
S23321238//
:61:2203040304C12301,00NCOL206316046429/ICI
 MMT/IMPS/206316046429/AUXF10
:86:MUMBAI-PHOENIX MARKET CITY
MMT/IMPS/206316046429/AUXF100319012387/RAJESH BAL/NA20631604642
 9/ICI30689/80120010
S24072542//
:61:2203040304C24700,00NCOL206316948309/BOB
 MMT/IMPS/206316948309/AUXF10
:86:MUMBAI-PHOENIX MARKET CITY
MMT/IMPS/206316948309/AUXF100719022107/ANJALIBENK/Himan20631694
 8309/BOB15902/80120010
S24484956//
:61:2203040304C75000,00NCOL030400667799//19
 NEFT-N063221858856911-AUXF10
:86:RPC MUMBAI
NEFT-N063221858856911-AUXF100319002147-SADIYA HUSSAIN I-1284114
 0022264-HDFC0000001030400667799//196205001039
S24912615//
:61:2203040304C50000,00NCOL206317998456/UCO
 MMT/IMPS/206317998456/AUXF10
:86:MUMBAI-PHOENIX MARKET CITY
MMT/IMPS/206317998456/AUXF100519006448/R.HEMA    /IMPS206317998
 456/UCO73390/80120010
S24981416//
:62M:C220304INR18368024,00
-}$
{1:F01ICICINBBAXXX.SN..ISN..}{2:I940ICICINBBXCTSN}{3:{108:1962050010395}}{4:
:20:220304
:25:196205001039
:28C:063/5
:60M:C220304INR18368024,00
:61:2203040304C360000,00NCOL030400687146//19
 NEFT-342295760-AUXF100419007
:86:RPC MUMBAI
NEFT-342295760-AUXF100419007588-NAMEED LAHANU SURWADE-098501563
 298-ICIC0SF0002030400687146//196205001039
S25115972//
:61:2203040304C2360,00NCOL030400763019//19
 NEFT-342333699-AUXF100319005
:86:RPC MUMBAI
NEFT-342333699-AUXF100319005416-SHARAVANI NAGA S SHETTY-2345015
 09653-ICIC0SF0002030400763019//196205001039
S26508453//
:61:2203040304C8000,00NCOL030400797996//19
 NEFT-SBIN422063909953-AUXF10
:86:RPC MUMBAI
NEFT-SBIN422063909953-AUXF100519021129-RAMANDEEP SINGH-00000065
 185392945-SBIN0050707030400797996//196205001039
S27524151//
:61:2203040304C200000,00NCOL030400805729//19
 NEFT-N063221859155438-AUXF10
:86:RPC MUMBAI
NEFT-N063221859155438-AUXF100219004331-MAMTA PANKAJ MEHTA-01181
 300000766-HDFC0000001030400805729//196205001039
S27800299//
:61:2203040304C25000,00NCOL206318339854/HDB
 MMT/IMPS/206318339854/AUXF10
:86:MUMBAI-PHOENIX MARKET CITY
MMT/IMPS/206318339854/AUXF100419021456/RAVINDRA S/Proce20631833
 9854/HDB40757/80120010
S27944573//
:61:2203040304C150000,00NCOL206318559749/ICI
 MMT/IMPS/206318559749/AUXF10
:86:MUMBAI-PHOENIX MARKET CITY
MMT/IMPS/206318559749/AUXF100219005673/SUBHASH SA/NA20631855974
 9/ICI93955/80120010
S28789571//
:61:2203040304C1062,00NCOL206319741501/ICI
 MMT/IMPS/206319741501/AUXF10
:86:MUMBAI-PHOENIX MARKET CITY
MMT/IMPS/206319741501/AUXF100319001014/MD BASHEER/Swap206319741
 501/ICI11105/80120010
S30627535//
:62M:C220304INR19114446,00
-}$
{1:F01ICICINBBAXXX.SN..ISN..}{2:I940ICICINBBXCTSN}{3:{108:1962050010396}}{4:
:20:220304
:25:196205001039
:28C:063/6
:60M:C220304INR19114446,00
:61:2203040304C22943,00NCOL206319815715/ICI
 MMT/IMPS/206319815715/AUXF10
:86:MUMBAI-PHOENIX MARKET CITY
MMT/IMPS/206319815715/AUXF100219002375/NIRMITI NI/1002120631981
 5715/ICI05417/80120010
S31451051//
:61:2203040304C500000,00NCOL030400099082//19
 RTGS-KKBKR52022030400709174-
:86:RPC-NASIK
RTGS-KKBKR52022030400709174-AUXF100219004474-SIDDHESH SUHAS SAR
 FARE-0645950166-KKBK0000958030400099082//196205001039
S31668708//
:61:2203040304C200000,00NCOL030400099093//19
 RTGS-KKBKR52022030400709288-
:86:RPC-NASIK
RTGS-KKBKR52022030400709288-AUXF100219004474-SIDDHESH SUHAS SAR
 FARE-0645950166-KKBK0000958030400099093//196205001039
S31694712//
:61:2203040304C150000,00NCOL030401007078//19
 NEFT-SBIN522063351285-AUXF10
:86:RPC MUMBAI
NEFT-SBIN522063351285-AUXF100219005973-MR  MAHESHD RAO-00000010
 176579047-SBIN0000515030401007078//196205001039
S35985003//
:61:2203040304C35000,00NCOL030401008684//19
 NEFT-N063221859600024-AUXF10
:86:RPC MUMBAI
NEFT-N063221859600024-AUXF100219021813-ANKITA NANDKUMAR KULKARN
 I-50100253369269-HDFC0000001030401008684//196205001039
S36018645//
:61:2203040304D2539258,00NTRFOTHERS
 Sweep Trf For POOL Regul
:86:MUMBAI-PHOENIX MARKET CITY
Sweep Trf For POOL RegulOTHERS
S38413699//
:61:2203040304D17483131,00NSTOOTHERS
 TRANSFER TO 196205001038
:86:CASH MANAGEMENT SERVICES
TRANSFER TO 196205001038OTHERS
S39051897//
:62F:C220304INR0,00
:64:C220304INR0,00
-}
