{1:F01ICICINBBAXXX.SN..ISN..}{2:I940CRESCHZFXARSN}{3:{108:0002050231911}}{4:
:20:220120
:25:000205023191
:28C:020/1
:60F:C220120INR71202485,20
:61:2201200120C57168,60NCOL202014648088/YBL
MMT/IMPS/202014648088/F09 Re
:86:M.G. ROAD, BANGALORE
MMT/IMPS/202014648088/F09 Redrailsonl/PHONEPE PR/Yes Bank Ltd
202014648088/002261100000025/YESB//F09 RedrailsonlineRe/PHONEPE
 PRIVATE LIMI/S97309334//
:62F:C220120INR71383343,25
:64:C220120INR71383343,25
-}